@article{vincenti1975introduction,
  title={Introduction to physical gas dynamic},
  author={Vincenti, Walter Guido},
  journal={Introduction to physical gas dynamics/Huntington},
  year={1975}
}
@article{holway1966new,
  title={New statistical models for kinetic theory: methods of construction},
  author={Holway Jr, Lowell H},
  journal={The physics of fluids},
  volume={9},
  number={9},
  pages={1658--1673},
  year={1966},
  publisher={American Institute of Physics}
}
@article{gallis2011investigation,
  title={Investigation of the ellipsoidal-statistical Bhatnagar--Gross--Krook kinetic model applied to gas-phase transport of heat and tangential momentum between parallel walls},
  author={Gallis, MA and Torczynski, JR},
  journal={Physics of Fluids},
  volume={23},
  number={3},
  pages={030601},
  year={2011},
  publisher={American Institute of Physics}
}
@article{bhatnagar1954model,
  title={A model for collision processes in gases. I. Small amplitude processes in charged and neutral one-component systems},
  author={Bhatnagar, Prabhu Lal and Gross, Eugene P and Krook, Max},
  journal={Physical review},
  volume={94},
  number={3},
  pages={511},
  year={1954},
  publisher={APS}
}
@misc{Varghese_BGK,
  author        = {Philip Varghese},
  title         = {Consistent comparison of BGK and ES-BGK equations - MGD II},
  month         = {November},
  year          = {2022},
  publisher={University of Texas at Austin}
}
@book{langtangen2017finite,
  title={Finite difference computing with PDEs: a modern software approach},
  author={Langtangen, Hans Petter and Linge, Svein},
  year={2017},
  publisher={Springer Nature}
}